@book{本引用ラベル,
	title = {本タイトル},
	author = {著者},
	year = {2025},
	publisher = {出版社},
}

@article{論文引用ラベル,
	title = {論文タイトル},
	journal = {ジャーナル},
	author = {著者},
	year = {2025},
	volume = {巻},
	number = {号},
	pages = {pages}
}